% Encoding: UTF-8

% General

@Misc{malware_pc,
  title = {Malware Protection Center - Glossary},
  url = {https://www.microsoft.com/security/portal/mmpc/shared/glossary.aspx}
}

% AIDS Trojaner

@Misc{aids:securityfocus,
  author = {{George Smith}},
  title =  {The Original Anti-Piracy Hack},
  year =   {2002},
  url =    {http://www.securityfocus.com/columnists/102}
}
@Misc{aids:sophos,
	author = {{Paul Ducklin}},
	title = {Ransomware - would you pay up?},
	year = {2012},
	url = {https://nakedsecurity.sophos.com/2012/09/25/ransomware-would-you-pay-up/}
}
@Misc{aids:young,
	author={A. Young and Moti Yung},
	booktitle={Security and Privacy, 1996. Proceedings., 1996 IEEE Symposium on},
	title={{Cryptovirology: Extortion-Based Security Threats and Countermeasures}},
	year={1996},
	pages={129-140},
	doi={10.1109/SECPRI.1996.502676},
	ISSN={1081-6011},
	month={May},
}


@Misc{aes:benchmark,
	author = {{Calomel.org}},
	title = {{AES-NI SSL Performance}},
	year = {2016},
	url = {https://calomel.org/aesni_ssl_performance.html}
}
