

@article{BSI:Ransomware,
	author = {{Bundesamt f체r Sicherheit in der Informationstechnikm}},
	title = {{Ransomware - Bedrohungslage, Pr채vention \& Reaktion}},
	issue_date = {M채rz 2016},
	month = M채rz,
	year = {2016},
	url = {https://www.bsi.bund.de/SharedDocs/Downloads/DE/BSI/Cyber-Sicherheit/Themen/Ransomware.pdf}
}


@article{Popek:1974:FRV:361011.361073,
 author = {Popek, Gerald J. and Goldberg, Robert P.},
 title = {{Formal Requirements for Virtualizable Third Generation Architectures}},
 journal = {Commun. ACM},
 issue_date = {July 1974},
 volume = {17},
 number = {7},
 month = jul,
 year = {1974},
 issn = {0001-0782},
 pages = {412--421},
 numpages = {10},
 url = {http://doi.acm.org/10.1145/361011.361073},
 doi = {10.1145/361011.361073},
 acmid = {361073},
 publisher = {ACM},
 address = {New York, NY, USA},
 keywords = {abstract model, formal requirements, hypervisor, operating system, proof, sensitive instruction, third generation architecture, virtual machine, virtual machine monitor, virtual memory},
} 

@article{AMD:SVM,
	author = {AMD},
	title = {{Secure Virtual Machine Architecture Reference Manual}},
	issue_date = {May 2005},
	month = may,
	year = {2005},
	url = {http://www.mimuw.edu.pl/~vincent/lecture6/sources/amd-pacifica-specification.pdf},
}
	

@article{HP:PERF,
	author = {Padala, Pradeep and Zhu Xiaoyun and Singhal Sharad and Shin Kang G.},
	title = {{Performance Evaluation of Virtualization Technologies for Server Consolidation}},
	issue_date = {April 2007},
	month = apr,
	year = {2007},
	url = {http://137.204.107.78/tirocinio/site/tirocini/Tirocinio-Zuluaga/Documents/virtualizzazione/Technologies%20for%20Server.pdf},
}

@article{RING-1,
	author = {Dornan, Andy},
	title = {{Intel VT vs. AMD Pacifica}},
	issue_date = {01 November 2005},
	url = {http://web.archive.org/web/20130530214041/http://www.informationweek.com/intel-vt-vs-amd-pacifica/172302134},
}

@article{WP:CPURING,
	author = {Herzsprung},
	title = {{Privilege rings for the x86, along with their common uses.}},
	url = {https://en.wikipedia.org/wiki/File:Priv_rings.svg},
	journal = {Wikipedia},
}

@article{Xen:CVE,
	author = {{CVE-Details}},
	title = {{CVE-2014-7188}},
	url = {http://www.cvedetails.com/cve/CVE-2014-7188/},
}


@article{x86_fail,
	author = {Christopher Domas},
	title = {{The Memory Sinkhole}},
	issue_date = {20 July 2015},
	url = {https://www.blackhat.com/docs/us-15/materials/us-15-Domas-The-Memory-Sinkhole-Unleashing-An-x86-Design-Flaw-Allowing-Universal-Privilege-Escalation-wp.pdf}
}

@incollection{aes_timing,
year={2012},
isbn={978-3-642-32945-6},
booktitle={Financial Cryptography and Data Security},
volume={7397},
series={Lecture Notes in Computer Science},
editor={Keromytis, AngelosD.},
doi={10.1007/978-3-642-32946-3_23},
title={{A Cache Timing Attack on AES in Virtualization Environments}},
url={http://dx.doi.org/10.1007/978-3-642-32946-3_23},
publisher={Springer Berlin Heidelberg},
keywords={Virtualization; Trusted Execution Environment; L4; Microkernel; AES; Cache; Timing; Embedded},
author={Weiss, Michael and Heinz, Benedikt and Stumpf, Frederic},
pages={314-328},
language={English}
}

@article{aes_bernstein,
	author = {Daniel J. Bernstein},
	title = {{Cache-timing attacks on AES}},
	issue_date = {14 April 2015},
	url = {http://cr.yp.to/antiforgery/cachetiming-20050414.pdf}
}

@article{xen_perf,
	author = {Xen-Wiki},
	title = {{Tuning Xen for Performance}},
	url = {http://wiki.xenproject.org/wiki/Tuning_Xen_for_Performance}
}



@article{bluepill_blog,
	author = {Joanna Rutkowska},
	title = {{Introducing Blue Pill}},
	issue_date = {22 June 2006},
	url = {http://theinvisiblethings.blogspot.de/2006/06/introducing-blue-pill.html}
}
@article{bluepill_pres,
	author = {Joanna Rutkowska},
	title = {{Subverting Vista Kernel for Fun And Profit}},
	issue_date = {03 August 2006},
	url = {http://blackhat.com/presentations/bh-usa-06/BH-US-06-Rutkowska.pdf}
}

@article{wikimedia,
	author = {{Wikimedia Foundation}},
	title = {{}},
	url = {http://ganglia.wikimedia.org/latest/}
}
